// External references
@onilne{TypeScript:handbook,
  howpublished = {\url{https://www.typescriptlang.org/docs/handbook/intro.html}},
  journal      = {TypeScript},
  title        = {TypeScript Handbook},
  author       = {Microsoft}
}

@misc{TypeScript,
  howpublished = {\url{https://www.typescriptlang.org/}},
  journal      = {TypeScript},
  title        = {TypeScript Language},
  author       = {Microsoft}
} 


@misc{Git,
  howpublished = {\url{https://git-scm.com/about}},
  journal      = {Git},
  title        = {Git - About},
  author       = {Git Community}
} 

// Wikipedia references

@misc{wikipedia:graph,
  author       = {{Wikipedia contributors}},
  title        = {Graph (discrete mathematics) --- {Wikipedia}{,} The Free Encyclopedia},
  year         = {2023},
  howpublished = {\url{https://en.wikipedia.org/w/index.php?title=Graph_(discrete_mathematics)&oldid=1185057798}},
  note         = {[Online; accessed 4-January-2024]}
}
@misc{wikipedia:directed-graph,
  author       = {{Wikipedia contributors}},
  title        = {Directed graph --- {Wikipedia}{,} The Free Encyclopedia},
  year         = {2023},
  howpublished = {\url{https://en.wikipedia.org/w/index.php?title=Directed_graph&oldid=1186925478}},
  note         = {[Online; accessed 4-January-2024]}
}

@misc{wikipedia:depth-first-search,
  author       = {{Wikipedia contributors}},
  title        = {Depth-first search --- {Wikipedia}{,} The Free Encyclopedia},
  year         = {2023},
  howpublished = {\url{https://en.wikipedia.org/w/index.php?title=Depth-first_search&oldid=1186499373}},
  note         = {[Online; accessed 4-January-2024]}
}
  @misc{wikipedia:floating-point-arithmetic,
  author       = {{Wikipedia contributors}},
  title        = {Floating-point arithmetic --- {Wikipedia}{,} The Free Encyclopedia},
  year         = {2024},
  howpublished = {\url{https://en.wikipedia.org/w/index.php?title=Floating-point_arithmetic&oldid=1193574336}},
  note         = {[Online; accessed 5-January-2024]}
}

  @misc{wikipeadia:double-precision-floating-point-format,
  author       = {{Wikipedia contributors}},
  title        = {Double-precision floating-point format --- {Wikipedia}{,} The Free Encyclopedia},
  year         = {2023},
  howpublished = {\url{https://en.wikipedia.org/w/index.php?title=Double-precision_floating-point_format&oldid=1185375352}},
  note         = {[Online; accessed 5-January-2024]}
}

// MDN references

@misc{mdn:map,
  title        = {Map - JavaScript | MDN},
  howpublished = {\url{https://developer.mozilla.org/en-US/docs/Web/JavaScript/Reference/Global_Objects/Map}},
  journal      = {mozzila.org},
  author       = {MDN contributors},
  year         = {1998-2024}
} 

@misc{mdn:number,
  title        = {Number - JavaScript | MDN},
  howpublished = {\url{https://developer.mozilla.org/en-US/docs/Web/JavaScript/Reference/Global_Objects/Number}},
  journal      = {mozzila.org},
  author       = {MDN contributors},
  year         = {1998-2024}
} 

// GeometryJS references
@misc{geometryjs:source,
  title        = {GeometryJS - Source},
  howpublished = {\url{https://github.com/geometryjs/geometry.js/tree/v1.0.0}},
  journal      = {GitHub},
  author       = {Cihelka, Jiří},
  year         = {2024},
  month        = {Jan}
} 

@misc{geometryjs:source:interfaces:dependencyNode.ts,
  title        = {GeometryJS - dependencyNode.ts},
  howpublished = {\url{https://github.com/geometryjs/geometry.js/blob/v1.0.0/src/interfaces/dependencyNode.ts}},
  journal      = {GitHub},
  author       = {Cihelka, Jiří},
  year         = {2024},
  month        = {Jan}
} 
@misc{geometryjs:source:geometryObjects:dependencyNode.ts,
  title        = {GeometryJS - dependencyNode.ts},
  howpublished = {\url{https://github.com/geometryjs/geometry.js/blob/v1.0.0/src/geometryObjects/dependencyNode.ts}},
  journal      = {GitHub},
  author       = {Cihelka, Jiří},
  year         = {2024},
  month        = {Jan}
} 

@misc{geometryjs:source:interfaces:procedure.ts,
  title        = {GeometryJS - procedure.ts},
  howpublished = {\url{https://github.com/geometryjs/geometry.js/blob/v1.0.0/src/interfaces/procedure.ts}},
  journal      = {GitHub},
  author       = {Cihelka, Jiří},
  year         = {2024},
  month        = {Jan}
} 

@misc{geometryjs:source:interfaces:cache.ts,
  title        = {GeometryJS - cache.ts},
  howpublished = {\url{https://github.com/geometryjs/geometry.js/blob/v1.0.0/src/interfaces/cache.ts}},
  journal      = {GitHub},
  author       = {Cihelka, Jiří},
  year         = {2024},
  month        = {Jan}
}

@misc{geometryjs:source:interfaces:objectWithType.ts,
  title        = {GeometryJS - objectWithType.ts},
  howpublished = {\url{https://github.com/geometryjs/geometry.js/blob/v1.0.0/src/interfaces/objectWithType.ts}},
  journal      = {GitHub},
  author       = {Cihelka, Jiří},
  year         = {2024},
  month        = {Jan}
}

@misc{geometryjs:source:interfaces:plane.ts,
  title        = {GeometryJS - plane.ts},
  howpublished = {\url{https://github.com/geometryjs/geometry.js/blob/v1.0.0/src/interfaces/plane.ts}},
  journal      = {GitHub},
  author       = {Cihelka, Jiří},
  year         = {2024},
  month        = {Jan}
}

@misc{geometryjs:source:helpers:memoryMapCache.ts,
  title        = {GeometryJS - memoryMapCache.ts},
  howpublished = {\url{https://github.com/geometryjs/geometry.js/blob/v1.0.0/src/helpers/cache/memoryMapCache.ts}},
  journal      = {GitHub},
  author       = {Cihelka, Jiří},
  year         = {2024},
  month        = {Jan}
}

@misc{geometryjs:source:helpers:getTypeString.ts,
  title        = {GeometryJS - getTypeString.ts},
  howpublished = {\url{https://github.com/geometryjs/geometry.js/blob/v1.0.0/src/helpers/getTypeString.ts}},
  journal      = {GitHub},
  author       = {Cihelka, Jiří},
  year         = {2024},
  month        = {Jan}
}

@misc{geometryjs:source:helpers:types:general.ts,
  title        = {GeometryJS - general.ts},
  howpublished = {\url{https://github.com/geometryjs/geometry.js/blob/v1.0.0/src/helpers/types/general.ts}},
  journal      = {GitHub},
  author       = {Cihelka, Jiří},
  year         = {2024},
  month        = {Jan}
}

@misc{geometryjs:source:procedures:procedure.ts,
  title        = {GeometryJS - procedure.ts},
  howpublished = {\url{https://github.com/geometryjs/geometry.js/blob/v1.0.0/src/procedures/procedure.ts}},
  journal      = {GitHub},
  author       = {Cihelka, Jiří},
  year         = {2024},
  month        = {Jan}
} 

@misc{geometryjs:source:procedures:vectorOperations.ts,
  title        = {GeometryJS - vectorOperations.ts},
  howpublished = {\url{https://github.com/geometryjs/geometry.js/blob/v1.0.0/src/procedures/foundational/vectorOperations.ts}},
  journal      = {GitHub},
  author       = {Cihelka, Jiří},
  year         = {2024},
  month        = {Jan}
} 

@misc{geometryjs:source:procedures:lineLine.ts,
  title        = {GeometryJS - lineLine.ts},
  howpublished = {\url{https://github.com/geometryjs/geometry.js/blob/v1.0.0/src/procedures/derived/intersections/lineLine.ts}},
  journal      = {GitHub},
  author       = {Cihelka, Jiří},
  year         = {2024},
  month        = {Jan}
}

@misc{geometryjs:source:procedures:lineEquation.ts,
  title        = {GeometryJS - lineEquation.ts},
  howpublished = {\url{https://github.com/geometryjs/geometry.js/blob/v1.0.0/src/procedures/derived/lineEquation.ts}},
  journal      = {GitHub},
  author       = {Cihelka, Jiří},
  year         = {2024},
  month        = {Jan}
}

@misc{geometryjs:wiki,
  title        = {GeometryJS - Wiki},
  howpublished = {\url{https://github.com/geometryjs/geometry.js/wiki}},
  journal      = {GitHub},
  author       = {Cihelka, Jiří},
  year         = {2023},
  month        = {Dec}
} 


@misc{geometryjs:wiki:procedures,
  title        = {GeometryJS - Wiki (Procedures)},
  howpublished = {\url{https://github.com/geometryjs/geometry.js/wiki/Procedures}},
  journal      = {GitHub},
  author       = {Cihelka, Jiří},
  year         = {2023},
  month        = {Dec}
} 

@misc{geometryjs:api,
  title        = {GeometryJS - API reference},
  howpublished = {\url{https://geometryjs.jiricekcz.dev/api/}},
  author       = {Cihelka, Jiří},
  year         = {2023},
  month        = {Dec}
} 
