@unpublished{geometryjs:showcase,
  author = {Cihelka, Jiří},
  note   = {Ročníková práce},
  title  = {Knihovna pro geometrii v rovině},
  year   = {2024}
}